[{"id":473137367,"price":"71681.80","qty":"0.0014","quoteQty":"100.35","time":1775649851407,"isBuyerMaker":false,"isRPITrade":false},{"id":473137368,"price":"71680.70","qty":"0.0020","quoteQty":"143.36","time":1775649851579,"isBuyerMaker":true,"isRPITrade":false},{"id":473137369,"price":"71680.70","qty":"0.9367","quoteQty":"67143.31","time":1775649852327,"isBuyerMaker":true,"isRPITrade":false},{"id":473137370,"price":"71680.70","qty":"0.9367","quoteQty":"67143.31","time":1775649852567,"isBuyerMaker":true,"isRPITrade":false},{"id":473137371,"price":"71681.80","qty":"10.7228","quoteQty":"768629.60","time":1775649853487,"isBuyerMaker":false,"isRPITrade":false},{"id":473137372,"price":"71681.80","qty":"10.8547","quoteQty":"778084.43","time":1775649853555,"isBuyerMaker":false,"isRPITrade":false},{"id":473137373,"price":"71681.80","qty":"7.1408","quoteQty":"511865.39","time":1775649853591,"isBuyerMaker":false,"isRPITrade":false},{"id":473137374,"price":"71681.80","qty":"3.6678","quoteQty":"262914.50","time":1775649853591,"isBuyerMaker":false,"isRPITrade":false},{"id":473137375,"price":"71681.80","qty":"10.7950","quoteQty":"773805.03","time":1775649853663,"isBuyerMaker":false,"isRPITrade":false},{"id":473137376,"price":"71681.80","qty":"10.8608","quoteQty":"778521.69","time":1775649853735,"isBuyerMaker":false,"isRPITrade":false},{"id":473137377,"price":"71681.80","qty":"10.8096","quoteQty":"774851.58","time":1775649853780,"isBuyerMaker":false,"isRPITrade":false},{"id":473137378,"price":"71681.80","qty":"10.6812","quoteQty":"765647.64","time":1775649853811,"isBuyerMaker":false,"isRPITrade":false},{"id":473137379,"price":"71681.80","qty":"10.7957","quoteQty":"773855.20","time":1775649853843,"isBuyerMaker":false,"isRPITrade":false},{"id":473137380,"price":"71681.80","qty":"10.8726","quoteQty":"779367.53","time":1775649853879,"isBuyerMaker":false,"isRPITrade":false},{"id":473137381,"price":"71681.80","qty":"1.3173","quoteQty":"94426.43","time":1775649853915,"isBuyerMaker":false,"isRPITrade":false},{"id":473137382,"price":"71681.80","qty":"9.5553","quoteQty":"684941.10","time":1775649853915,"isBuyerMaker":false,"isRPITrade":false},{"id":473137383,"price":"71681.80","qty":"0.0235","quoteQty":"1684.52","time":1775649854271,"isBuyerMaker":false,"isRPITrade":false},{"id":473137384,"price":"71681.80","qty":"0.0015","quoteQty":"107.52","time":1775649855115,"isBuyerMaker":false,"isRPITrade":false},{"id":473137385,"price":"71681.80","qty":"0.0018","quoteQty":"129.02","time":1775649855327,"isBuyerMaker":false,"isRPITrade":false},{"id":473137386,"price":"71681.80","qty":"0.0015","quoteQty":"107.52","time":1775649855751,"isBuyerMaker":false,"isRPITrade":false},{"id":473137387,"price":"71680.70","qty":"0.0016","quoteQty":"114.68","time":1775649855823,"isBuyerMaker":true,"isRPITrade":false},{"id":473137388,"price":"71680.70","qty":"0.0020","quoteQty":"143.36","time":1775649856651,"isBuyerMaker":true,"isRPITrade":false},{"id":473137389,"price":"71681.80","qty":"0.0018","quoteQty":"129.02","time":1775649857159,"isBuyerMaker":false,"isRPITrade":false},{"id":473137390,"price":"71681.80","qty":"0.0100","quoteQty":"716.81","time":1775649857671,"isBuyerMaker":false,"isRPITrade":false},{"id":473137391,"price":"71681.80","qty":"0.6964","quoteQty":"49919.20","time":1775649859259,"isBuyerMaker":false,"isRPITrade":false},{"id":473137392,"price":"71681.80","qty":"0.0030","quoteQty":"215.04","time":1775649859499,"isBuyerMaker":false,"isRPITrade":false},{"id":473137393,"price":"71681.80","qty":"0.0030","quoteQty":"215.04","time":1775649859499,"isBuyerMaker":false,"isRPITrade":false},{"id":473137394,"price":"71681.80","qty":"0.0030","quoteQty":"215.04","time":1775649859499,"isBuyerMaker":false,"isRPITrade":false},{"id":473137395,"price":"71681.80","qty":"0.0030","quoteQty":"215.04","time":1775649859499,"isBuyerMaker":false,"isRPITrade":false},{"id":473137396,"price":"71681.80","qty":"0.0030","quoteQty":"215.04","time":1775649859499,"isBuyerMaker":false,"isRPITrade":false},{"id":473137397,"price":"71681.80","qty":"0.0030","quoteQty":"215.04","time":1775649859499,"isBuyerMaker":false,"isRPITrade":false},{"id":473137398,"price":"71681.80","qty":"0.0030","quoteQty":"215.04","time":1775649859499,"isBuyerMaker":false,"isRPITrade":false},{"id":473137399,"price":"71681.80","qty":"0.0022","quoteQty":"157.69","time":1775649859911,"isBuyerMaker":false,"isRPITrade":false},{"id":473137400,"price":"71680.70","qty":"0.0020","quoteQty":"143.36","time":1775649861743,"isBuyerMaker":true,"isRPITrade":false},{"id":473137401,"price":"71681.80","qty":"0.0019","quoteQty":"136.19","time":1775649862139,"isBuyerMaker":false,"isRPITrade":false},{"id":473137402,"price":"71681.80","qty":"0.0017","quoteQty":"121.85","time":1775649862613,"isBuyerMaker":false,"isRPITrade":false},{"id":473137403,"price":"71681.80","qty":"0.0020","quoteQty":"143.36","time":1775649862751,"isBuyerMaker":false,"isRPITrade":false},{"id":473137404,"price":"71681.80","qty":"0.0065","quoteQty":"465.93","time":1775649862751,"isBuyerMaker":false,"isRPITrade":false},{"id":473137405,"price":"71680.70","qty":"0.0100","quoteQty":"716.80","time":1775649863691,"isBuyerMaker":true,"isRPITrade":false},{"id":473137406,"price":"71681.80","qty":"0.0021","quoteQty":"150.53","time":1775649864555,"isBuyerMaker":false,"isRPITrade":false},{"id":473137407,"price":"71681.80","qty":"0.0020","quoteQty":"143.36","time":1775649864807,"isBuyerMaker":false,"isRPITrade":false},{"id":473137408,"price":"71680.70","qty":"0.0080","quoteQty":"573.44","time":1775649865291,"isBuyerMaker":true,"isRPITrade":false},{"id":473137409,"price":"71681.80","qty":"0.0014","quoteQty":"100.35","time":1775649866575,"isBuyerMaker":false,"isRPITrade":false},{"id":473137410,"price":"71681.80","qty":"0.0014","quoteQty":"100.35","time":1775649866647,"isBuyerMaker":false,"isRPITrade":false},{"id":473137411,"price":"71680.70","qty":"0.0020","quoteQty":"143.36","time":1775649866971,"isBuyerMaker":true,"isRPITrade":false},{"id":473137412,"price":"71681.80","qty":"0.0015","quoteQty":"107.52","time":1775649866971,"isBuyerMaker":false,"isRPITrade":false},{"id":473137413,"price":"71681.80","qty":"10.7817","quoteQty":"772851.66","time":1775649868663,"isBuyerMaker":false,"isRPITrade":false},{"id":473137414,"price":"71681.80","qty":"10.7984","quoteQty":"774048.74","time":1775649868735,"isBuyerMaker":false,"isRPITrade":false},{"id":473137415,"price":"71681.80","qty":"10.8172","quoteQty":"775396.36","time":1775649868771,"isBuyerMaker":false,"isRPITrade":false},{"id":473137416,"price":"71681.80","qty":"10.7004","quoteQty":"767023.93","time":1775649868807,"isBuyerMaker":false,"isRPITrade":false},{"id":473137417,"price":"71681.80","qty":"10.8912","quoteQty":"780700.82","time":1775649868843,"isBuyerMaker":false,"isRPITrade":false},{"id":473137418,"price":"71681.80","qty":"5.4756","quoteQty":"392500.86","time":1775649868879,"isBuyerMaker":false,"isRPITrade":false},{"id":473137419,"price":"71681.80","qty":"5.2165","quoteQty":"373928.10","time":1775649868879,"isBuyerMaker":false,"isRPITrade":false},{"id":473137420,"price":"71681.80","qty":"10.7751","quoteQty":"772378.56","time":1775649868903,"isBuyerMaker":false,"isRPITrade":false},{"id":473137421,"price":"71681.80","qty":"10.6921","quoteQty":"766428.97","time":1775649868967,"isBuyerMaker":false,"isRPITrade":false},{"id":473137422,"price":"71681.80","qty":"10.7750","quoteQty":"772371.39","time":1775649869031,"isBuyerMaker":false,"isRPITrade":false},{"id":473137423,"price":"71681.80","qty":"10.7613","quoteQty":"771389.35","time":1775649869070,"isBuyerMaker":false,"isRPITrade":false},{"id":473137424,"price":"71680.70","qty":"0.6964","quoteQty":"49918.43","time":1775649869387,"isBuyerMaker":true,"isRPITrade":false},{"id":473137425,"price":"71681.80","qty":"0.0100","quoteQty":"716.81","time":1775649869675,"isBuyerMaker":false,"isRPITrade":false},{"id":473137426,"price":"71681.80","qty":"0.0017","quoteQty":"121.85","time":1775649870255,"isBuyerMaker":false,"isRPITrade":false},{"id":473137427,"price":"71681.80","qty":"0.0015","quoteQty":"107.52","time":1775649870360,"isBuyerMaker":false,"isRPITrade":false},{"id":473137428,"price":"71681.80","qty":"0.0020","quoteQty":"143.36","time":1775649870503,"isBuyerMaker":false,"isRPITrade":false},{"id":473137429,"price":"71681.80","qty":"0.0017","quoteQty":"121.85","time":1775649870531,"isBuyerMaker":false,"isRPITrade":false},{"id":473137430,"price":"71680.70","qty":"0.0020","quoteQty":"143.36","time":1775649871887,"isBuyerMaker":true,"isRPITrade":false},{"id":473137431,"price":"71681.80","qty":"0.0014","quoteQty":"100.35","time":1775649872263,"isBuyerMaker":false,"isRPITrade":false},{"id":473137432,"price":"71681.80","qty":"0.3482","quoteQty":"24959.60","time":1775649874367,"isBuyerMaker":false,"isRPITrade":false},{"id":473137433,"price":"71681.80","qty":"0.0020","quoteQty":"143.36","time":1775649874711,"isBuyerMaker":false,"isRPITrade":false},{"id":473137434,"price":"71681.80","qty":"0.0015","quoteQty":"107.52","time":1775649874980,"isBuyerMaker":false,"isRPITrade":false},{"id":473137435,"price":"71681.80","qty":"0.0022","quoteQty":"157.69","time":1775649875223,"isBuyerMaker":false,"isRPITrade":false},{"id":473137436,"price":"71681.80","qty":"0.0020","quoteQty":"143.36","time":1775649875991,"isBuyerMaker":false,"isRPITrade":false},{"id":473137437,"price":"71680.70","qty":"0.0099","quoteQty":"709.63","time":1775649876063,"isBuyerMaker":true,"isRPITrade":false},{"id":473137438,"price":"71681.80","qty":"0.0020","quoteQty":"143.36","time":1775649878687,"isBuyerMaker":false,"isRPITrade":false},{"id":473137439,"price":"71681.80","qty":"0.0020","quoteQty":"143.36","time":1775649878875,"isBuyerMaker":false,"isRPITrade":false},{"id":473137440,"price":"71681.80","qty":"0.0023","quoteQty":"164.86","time":1775649878943,"isBuyerMaker":false,"isRPITrade":false},{"id":473137441,"price":"71681.80","qty":"0.0016","quoteQty":"114.69","time":1775649879123,"isBuyerMaker":false,"isRPITrade":false},{"id":473137442,"price":"71681.80","qty":"0.0018","quoteQty":"129.02","time":1775649879955,"isBuyerMaker":false,"isRPITrade":false},{"id":473137443,"price":"71681.70","qty":"0.0034","quoteQty":"243.71","time":1775649880375,"isBuyerMaker":true,"isRPITrade":false},{"id":473137444,"price":"71681.70","qty":"0.0175","quoteQty":"1254.42","time":1775649880375,"isBuyerMaker":true,"isRPITrade":false},{"id":473137445,"price":"71681.80","qty":"0.0021","quoteQty":"150.53","time":1775649882967,"isBuyerMaker":false,"isRPITrade":false},{"id":473137446,"price":"71681.80","qty":"0.0019","quoteQty":"136.19","time":1775649883235,"isBuyerMaker":false,"isRPITrade":false},{"id":473137447,"price":"71681.80","qty":"0.0020","quoteQty":"143.36","time":1775649883479,"isBuyerMaker":false,"isRPITrade":false},{"id":473137448,"price":"71681.80","qty":"10.8654","quoteQty":"778851.42","time":1775649883551,"isBuyerMaker":false,"isRPITrade":false},{"id":473137449,"price":"71681.80","qty":"10.3247","quoteQty":"740093.08","time":1775649883627,"isBuyerMaker":false,"isRPITrade":false},{"id":473137450,"price":"71681.80","qty":"0.5366","quoteQty":"38464.45","time":1775649883627,"isBuyerMaker":false,"isRPITrade":false},{"id":473137451,"price":"71681.80","qty":"10.9245","quoteQty":"783087.82","time":1775649883699,"isBuyerMaker":false,"isRPITrade":false},{"id":473137452,"price":"71681.80","qty":"10.7768","quoteQty":"772500.42","time":1775649883771,"isBuyerMaker":false,"isRPITrade":false},{"id":473137453,"price":"71681.80","qty":"10.8443","quoteQty":"777338.94","time":1775649883839,"isBuyerMaker":false,"isRPITrade":false},{"id":473137454,"price":"71681.80","qty":"10.9416","quoteQty":"784313.58","time":1775649883911,"isBuyerMaker":false,"isRPITrade":false},{"id":473137455,"price":"71681.80","qty":"10.9152","quoteQty":"782421.18","time":1775649883947,"isBuyerMaker":false,"isRPITrade":false},{"id":473137456,"price":"71681.80","qty":"10.7880","quoteQty":"773303.25","time":1775649883983,"isBuyerMaker":false,"isRPITrade":false},{"id":473137457,"price":"71681.80","qty":"0.0023","quoteQty":"164.86","time":1775649884019,"isBuyerMaker":false,"isRPITrade":false},{"id":473137458,"price":"71681.80","qty":"4.0707","quoteQty":"291795.10","time":1775649884055,"isBuyerMaker":false,"isRPITrade":false},{"id":473137459,"price":"71681.80","qty":"6.8064","quoteQty":"487895.00","time":1775649884055,"isBuyerMaker":false,"isRPITrade":false},{"id":473137460,"price":"71681.80","qty":"10.8102","quoteQty":"774894.59","time":1775649884091,"isBuyerMaker":false,"isRPITrade":false},{"id":473137461,"price":"71680.70","qty":"0.1256","quoteQty":"9003.09","time":1775649884963,"isBuyerMaker":true,"isRPITrade":false},{"id":473137462,"price":"71680.80","qty":"0.0023","quoteQty":"164.86","time":1775649886999,"isBuyerMaker":false,"isRPITrade":false},{"id":473137463,"price":"71680.80","qty":"0.0023","quoteQty":"164.86","time":1775649887463,"isBuyerMaker":false,"isRPITrade":false},{"id":473137464,"price":"71680.80","qty":"0.0129","quoteQty":"924.68","time":1775649887503,"isBuyerMaker":false,"isRPITrade":false},{"id":473137465,"price":"71681.80","qty":"0.1580","quoteQty":"11325.72","time":1775649887503,"isBuyerMaker":false,"isRPITrade":false},{"id":473137466,"price":"71681.80","qty":"0.0348","quoteQty":"2494.52","time":1775649887575,"isBuyerMaker":false,"isRPITrade":false},{"id":473137467,"price":"71681.80","qty":"0.0016","quoteQty":"114.69","time":1775649888859,"isBuyerMaker":false,"isRPITrade":false},{"id":473137468,"price":"71681.80","qty":"0.0020","quoteQty":"143.36","time":1775649889235,"isBuyerMaker":false,"isRPITrade":false},{"id":473137469,"price":"71680.70","qty":"0.0020","quoteQty":"143.36","time":1775649889495,"isBuyerMaker":true,"isRPITrade":false},{"id":473137470,"price":"71680.70","qty":"0.0020","quoteQty":"143.36","time":1775649889495,"isBuyerMaker":true,"isRPITrade":false},{"id":473137471,"price":"71680.70","qty":"0.0020","quoteQty":"143.36","time":1775649889495,"isBuyerMaker":true,"isRPITrade":false},{"id":473137472,"price":"71680.70","qty":"0.0020","quoteQty":"143.36","time":1775649889495,"isBuyerMaker":true,"isRPITrade":false},{"id":473137473,"price":"71680.70","qty":"0.0020","quoteQty":"143.36","time":1775649889495,"isBuyerMaker":true,"isRPITrade":false},{"id":473137474,"price":"71680.70","qty":"0.0020","quoteQty":"143.36","time":1775649889495,"isBuyerMaker":true,"isRPITrade":false},{"id":473137475,"price":"71680.70","qty":"0.0020","quoteQty":"143.36","time":1775649889495,"isBuyerMaker":true,"isRPITrade":false},{"id":473137476,"price":"71680.70","qty":"0.0020","quoteQty":"143.36","time":1775649889495,"isBuyerMaker":true,"isRPITrade":false},{"id":473137477,"price":"71680.70","qty":"0.0020","quoteQty":"143.36","time":1775649889495,"isBuyerMaker":true,"isRPITrade":false},{"id":473137478,"price":"71680.70","qty":"0.0020","quoteQty":"143.36","time":1775649889495,"isBuyerMaker":true,"isRPITrade":false},{"id":473137479,"price":"71681.80","qty":"0.0015","quoteQty":"107.52","time":1775649889775,"isBuyerMaker":false,"isRPITrade":false},{"id":473137480,"price":"71680.70","qty":"0.0016","quoteQty":"114.68","time":1775649890895,"isBuyerMaker":true,"isRPITrade":false},{"id":473137481,"price":"71680.70","qty":"0.0015","quoteQty":"107.52","time":1775649891055,"isBuyerMaker":true,"isRPITrade":false},{"id":473137482,"price":"71681.80","qty":"0.0023","quoteQty":"164.86","time":1775649892251,"isBuyerMaker":false,"isRPITrade":false},{"id":473137483,"price":"71681.80","qty":"0.0016","quoteQty":"114.69","time":1775649892487,"isBuyerMaker":false,"isRPITrade":false},{"id":473137484,"price":"71681.80","qty":"0.0016","quoteQty":"114.69","time":1775649892655,"isBuyerMaker":false,"isRPITrade":false},{"id":473137485,"price":"71681.80","qty":"0.0014","quoteQty":"100.35","time":1775649892871,"isBuyerMaker":false,"isRPITrade":false},{"id":473137486,"price":"71681.80","qty":"0.0014","quoteQty":"100.35","time":1775649893887,"isBuyerMaker":false,"isRPITrade":false},{"id":473137487,"price":"71681.80","qty":"0.0021","quoteQty":"150.53","time":1775649894043,"isBuyerMaker":false,"isRPITrade":false},{"id":473137488,"price":"71681.80","qty":"0.0020","quoteQty":"143.36","time":1775649894407,"isBuyerMaker":false,"isRPITrade":false},{"id":473137489,"price":"71681.80","qty":"0.0021","quoteQty":"150.53","time":1775649896222,"isBuyerMaker":false,"isRPITrade":false},{"id":473137490,"price":"71681.80","qty":"0.0016","quoteQty":"114.69","time":1775649896259,"isBuyerMaker":false,"isRPITrade":false},{"id":473137491,"price":"71680.70","qty":"0.0016","quoteQty":"114.68","time":1775649897599,"isBuyerMaker":true,"isRPITrade":false},{"id":473137492,"price":"71681.80","qty":"0.0014","quoteQty":"100.35","time":1775649897643,"isBuyerMaker":false,"isRPITrade":false},{"id":473137493,"price":"71681.80","qty":"0.0018","quoteQty":"129.02","time":1775649897723,"isBuyerMaker":false,"isRPITrade":false},{"id":473137494,"price":"71681.80","qty":"10.7781","quoteQty":"772593.60","time":1775649897879,"isBuyerMaker":false,"isRPITrade":false},{"id":473137495,"price":"71681.80","qty":"10.8414","quoteQty":"777131.06","time":1775649897911,"isBuyerMaker":false,"isRPITrade":false},{"id":473137496,"price":"71681.80","qty":"10.8133","quoteQty":"775116.80","time":1775649897947,"isBuyerMaker":false,"isRPITrade":false},{"id":473137497,"price":"71681.80","qty":"10.8947","quoteQty":"780951.70","time":1775649897975,"isBuyerMaker":false,"isRPITrade":false},{"id":473137498,"price":"71681.80","qty":"8.6387","quoteQty":"619237.56","time":1775649897984,"isBuyerMaker":false,"isRPITrade":false},{"id":473137499,"price":"71681.80","qty":"2.1353","quoteQty":"153062.14","time":1775649897984,"isBuyerMaker":false,"isRPITrade":false},{"id":473137500,"price":"71681.80","qty":"10.8337","quoteQty":"776579.11","time":1775649898007,"isBuyerMaker":false,"isRPITrade":false},{"id":473137501,"price":"71681.80","qty":"10.9192","quoteQty":"782707.91","time":1775649898014,"isBuyerMaker":false,"isRPITrade":false},{"id":473137502,"price":"71681.80","qty":"10.8413","quoteQty":"777123.89","time":1775649898083,"isBuyerMaker":false,"isRPITrade":false},{"id":473137503,"price":"71681.80","qty":"10.8028","quoteQty":"774364.14","time":1775649898103,"isBuyerMaker":false,"isRPITrade":false},{"id":473137504,"price":"71681.80","qty":"10.9420","quoteQty":"784342.25","time":1775649898124,"isBuyerMaker":false,"isRPITrade":false},{"id":473137505,"price":"71681.80","qty":"0.0016","quoteQty":"114.69","time":1775649898735,"isBuyerMaker":false,"isRPITrade":false},{"id":473137506,"price":"71681.80","qty":"0.0014","quoteQty":"100.35","time":1775649899419,"isBuyerMaker":false,"isRPITrade":false},{"id":473137507,"price":"71681.80","qty":"0.0030","quoteQty":"215.04","time":1775649899519,"isBuyerMaker":false,"isRPITrade":false},{"id":473137508,"price":"71681.80","qty":"0.0030","quoteQty":"215.04","time":1775649899519,"isBuyerMaker":false,"isRPITrade":false},{"id":473137509,"price":"71681.80","qty":"0.0030","quoteQty":"215.04","time":1775649899519,"isBuyerMaker":false,"isRPITrade":false},{"id":473137510,"price":"71681.80","qty":"0.0030","quoteQty":"215.04","time":1775649899519,"isBuyerMaker":false,"isRPITrade":false},{"id":473137511,"price":"71681.80","qty":"0.0030","quoteQty":"215.04","time":1775649899519,"isBuyerMaker":false,"isRPITrade":false},{"id":473137512,"price":"71681.80","qty":"0.0030","quoteQty":"215.04","time":1775649899519,"isBuyerMaker":false,"isRPITrade":false},{"id":473137513,"price":"71681.80","qty":"0.0030","quoteQty":"215.04","time":1775649899519,"isBuyerMaker":false,"isRPITrade":false},{"id":473137514,"price":"71681.80","qty":"0.0020","quoteQty":"143.36","time":1775649899695,"isBuyerMaker":false,"isRPITrade":false},{"id":473137515,"price":"71681.80","qty":"0.0016","quoteQty":"114.69","time":1775649899959,"isBuyerMaker":false,"isRPITrade":false},{"id":473137516,"price":"71681.80","qty":"0.0019","quoteQty":"136.19","time":1775649900491,"isBuyerMaker":false,"isRPITrade":false},{"id":473137517,"price":"71680.70","qty":"0.0022","quoteQty":"157.69","time":1775649900795,"isBuyerMaker":true,"isRPITrade":false},{"id":473137518,"price":"71680.70","qty":"0.5000","quoteQty":"35840.35","time":1775649900935,"isBuyerMaker":true,"isRPITrade":false},{"id":473137519,"price":"71681.80","qty":"0.0018","quoteQty":"129.02","time":1775649901451,"isBuyerMaker":false,"isRPITrade":false},{"id":473137520,"price":"71681.80","qty":"0.0016","quoteQty":"114.69","time":1775649901579,"isBuyerMaker":false,"isRPITrade":false},{"id":473137521,"price":"71681.80","qty":"0.0020","quoteQty":"143.36","time":1775649901635,"isBuyerMaker":false,"isRPITrade":false},{"id":473137522,"price":"71681.80","qty":"0.0418","quoteQty":"2996.29","time":1775649903483,"isBuyerMaker":false,"isRPITrade":false},{"id":473137523,"price":"71681.80","qty":"0.0077","quoteQty":"551.94","time":1775649904319,"isBuyerMaker":false,"isRPITrade":false},{"id":473137524,"price":"71681.80","qty":"0.0019","quoteQty":"136.19","time":1775649904547,"isBuyerMaker":false,"isRPITrade":false},{"id":473137525,"price":"71681.80","qty":"0.0020","quoteQty":"143.36","time":1775649904707,"isBuyerMaker":false,"isRPITrade":false},{"id":473137526,"price":"71680.70","qty":"0.0080","quoteQty":"573.44","time":1775649905051,"isBuyerMaker":true,"isRPITrade":false},{"id":473137527,"price":"71681.80","qty":"0.0018","quoteQty":"129.02","time":1775649905407,"isBuyerMaker":false,"isRPITrade":false},{"id":473137528,"price":"71681.80","qty":"0.1058","quoteQty":"7583.93","time":1775649906791,"isBuyerMaker":false,"isRPITrade":false},{"id":473137529,"price":"71680.70","qty":"0.0016","quoteQty":"114.68","time":1775649906791,"isBuyerMaker":true,"isRPITrade":false},{"id":473137530,"price":"71681.80","qty":"0.0020","quoteQty":"143.36","time":1775649907523,"isBuyerMaker":false,"isRPITrade":false},{"id":473137531,"price":"71680.70","qty":"2.0000","quoteQty":"143361.40","time":1775649907539,"isBuyerMaker":true,"isRPITrade":false},{"id":473137532,"price":"71680.70","qty":"0.0146","quoteQty":"1046.53","time":1775649908060,"isBuyerMaker":true,"isRPITrade":false},{"id":473137533,"price":"71680.70","qty":"0.2500","quoteQty":"17920.17","time":1775649908147,"isBuyerMaker":true,"isRPITrade":false},{"id":473137534,"price":"71681.80","qty":"0.0019","quoteQty":"136.19","time":1775649909795,"isBuyerMaker":false,"isRPITrade":false},{"id":473137535,"price":"71681.80","qty":"0.0023","quoteQty":"164.86","time":1775649910067,"isBuyerMaker":false,"isRPITrade":false},{"id":473137536,"price":"71680.70","qty":"0.0020","quoteQty":"143.36","time":1775649910195,"isBuyerMaker":true,"isRPITrade":false},{"id":473137537,"price":"71680.70","qty":"0.0016","quoteQty":"114.68","time":1775649910195,"isBuyerMaker":true,"isRPITrade":false},{"id":473137538,"price":"71681.80","qty":"0.0014","quoteQty":"100.35","time":1775649910775,"isBuyerMaker":false,"isRPITrade":false},{"id":473137539,"price":"71681.80","qty":"0.0110","quoteQty":"788.49","time":1775649911227,"isBuyerMaker":false,"isRPITrade":false},{"id":473137540,"price":"71681.80","qty":"0.0348","quoteQty":"2494.52","time":1775649912347,"isBuyerMaker":false,"isRPITrade":false},{"id":473137541,"price":"71681.80","qty":"11.1737","quoteQty":"800950.92","time":1775649912563,"isBuyerMaker":false,"isRPITrade":false},{"id":473137542,"price":"71681.80","qty":"1.9027","quoteQty":"136388.96","time":1775649912627,"isBuyerMaker":false,"isRPITrade":false},{"id":473137543,"price":"71681.80","qty":"0.0014","quoteQty":"100.35","time":1775649912627,"isBuyerMaker":false,"isRPITrade":false},{"id":473137544,"price":"71681.80","qty":"9.2502","quoteQty":"663070.98","time":1775649912627,"isBuyerMaker":false,"isRPITrade":false},{"id":473137545,"price":"71681.80","qty":"11.0998","quoteQty":"795653.64","time":1775649912679,"isBuyerMaker":false,"isRPITrade":false},{"id":473137546,"price":"71681.80","qty":"11.1040","quoteQty":"795954.70","time":1775649912750,"isBuyerMaker":false,"isRPITrade":false},{"id":473137547,"price":"71681.80","qty":"11.2484","quoteQty":"806305.55","time":1775649912832,"isBuyerMaker":false,"isRPITrade":false},{"id":473137548,"price":"71681.80","qty":"11.0908","quoteQty":"795008.50","time":1775649912903,"isBuyerMaker":false,"isRPITrade":false},{"id":473137549,"price":"71681.80","qty":"0.0015","quoteQty":"107.52","time":1775649912903,"isBuyerMaker":false,"isRPITrade":false},{"id":473137550,"price":"71681.80","qty":"11.0778","quoteQty":"794076.64","time":1775649912963,"isBuyerMaker":false,"isRPITrade":false},{"id":473137551,"price":"71681.80","qty":"4.9275","quoteQty":"353212.06","time":1775649913027,"isBuyerMaker":false,"isRPITrade":false},{"id":473137552,"price":"71681.80","qty":"0.0017","quoteQty":"121.85","time":1775649913027,"isBuyerMaker":false,"isRPITrade":false},{"id":473137553,"price":"71681.80","qty":"0.0018","quoteQty":"129.02","time":1775649913027,"isBuyerMaker":false,"isRPITrade":false},{"id":473137554,"price":"71681.80","qty":"0.0017","quoteQty":"121.85","time":1775649913027,"isBuyerMaker":false,"isRPITrade":false},{"id":473137555,"price":"71681.80","qty":"0.0018","quoteQty":"129.02","time":1775649913027,"isBuyerMaker":false,"isRPITrade":false},{"id":473137556,"price":"71681.80","qty":"0.0023","quoteQty":"164.86","time":1775649913027,"isBuyerMaker":false,"isRPITrade":false},{"id":473137557,"price":"71681.80","qty":"0.0019","quoteQty":"136.19","time":1775649913027,"isBuyerMaker":false,"isRPITrade":false},{"id":473137558,"price":"71681.80","qty":"0.0016","quoteQty":"114.69","time":1775649913027,"isBuyerMaker":false,"isRPITrade":false},{"id":473137559,"price":"71681.80","qty":"0.0019","quoteQty":"136.19","time":1775649913027,"isBuyerMaker":false,"isRPITrade":false},{"id":473137560,"price":"71681.80","qty":"0.0014","quoteQty":"100.35","time":1775649913027,"isBuyerMaker":false,"isRPITrade":false},{"id":473137561,"price":"71681.80","qty":"0.0020","quoteQty":"143.36","time":1775649913027,"isBuyerMaker":false,"isRPITrade":false},{"id":473137562,"price":"71681.80","qty":"0.0018","quoteQty":"129.02","time":1775649913027,"isBuyerMaker":false,"isRPITrade":false},{"id":473137563,"price":"71681.80","qty":"0.0016","quoteQty":"114.69","time":1775649913027,"isBuyerMaker":false,"isRPITrade":false},{"id":473137564,"price":"71681.80","qty":"0.0022","quoteQty":"157.69","time":1775649913027,"isBuyerMaker":false,"isRPITrade":false},{"id":473137565,"price":"71681.80","qty":"0.0015","quoteQty":"107.52","time":1775649913027,"isBuyerMaker":false,"isRPITrade":false},{"id":473137566,"price":"71681.80","qty":"0.0022","quoteQty":"157.69","time":1775649913027,"isBuyerMaker":false,"isRPITrade":false},{"id":473137567,"price":"71681.80","qty":"0.0022","quoteQty":"157.69","time":1775649913027,"isBuyerMaker":false,"isRPITrade":false},{"id":473137568,"price":"71681.80","qty":"0.0021","quoteQty":"150.53","time":1775649913027,"isBuyerMaker":false,"isRPITrade":false},{"id":473137569,"price":"71681.80","qty":"0.0017","quoteQty":"121.85","time":1775649913027,"isBuyerMaker":false,"isRPITrade":false},{"id":473137570,"price":"71681.80","qty":"0.0023","quoteQty":"164.86","time":1775649913027,"isBuyerMaker":false,"isRPITrade":false},{"id":473137571,"price":"71681.80","qty":"0.0023","quoteQty":"164.86","time":1775649913027,"isBuyerMaker":false,"isRPITrade":false},{"id":473137572,"price":"71681.80","qty":"0.0018","quoteQty":"129.02","time":1775649913027,"isBuyerMaker":false,"isRPITrade":false},{"id":473137573,"price":"71681.80","qty":"0.0021","quoteQty":"150.53","time":1775649913027,"isBuyerMaker":false,"isRPITrade":false},{"id":473137574,"price":"71681.80","qty":"0.6964","quoteQty":"49919.20","time":1775649913027,"isBuyerMaker":false,"isRPITrade":false},{"id":473137575,"price":"71681.90","qty":"5.4472","quoteQty":"390465.64","time":1775649913027,"isBuyerMaker":false,"isRPITrade":false},{"id":473137576,"price":"71681.90","qty":"5.5438","quoteQty":"397390.11","time":1775649913079,"isBuyerMaker":false,"isRPITrade":false},{"id":473137577,"price":"71681.90","qty":"5.6662","quoteQty":"406163.98","time":1775649913079,"isBuyerMaker":false,"isRPITrade":false},{"id":473137578,"price":"71680.70","qty":"3.4823","quoteQty":"249613.70","time":1775649913139,"isBuyerMaker":true,"isRPITrade":false},{"id":473137579,"price":"71681.90","qty":"11.1510","quoteQty":"799324.86","time":1775649913139,"isBuyerMaker":false,"isRPITrade":false},{"id":473137580,"price":"71681.90","qty":"0.0019","quoteQty":"136.19","time":1775649914027,"isBuyerMaker":false,"isRPITrade":false},{"id":473137581,"price":"71681.90","qty":"0.0021","quoteQty":"150.53","time":1775649914379,"isBuyerMaker":false,"isRPITrade":false},{"id":473137582,"price":"71681.90","qty":"0.0016","quoteQty":"114.69","time":1775649914727,"isBuyerMaker":false,"isRPITrade":false},{"id":473137583,"price":"71680.70","qty":"0.0235","quoteQty":"1684.49","time":1775649915327,"isBuyerMaker":true,"isRPITrade":false},{"id":473137584,"price":"71680.70","qty":"0.0020","quoteQty":"143.36","time":1775649915575,"isBuyerMaker":true,"isRPITrade":false},{"id":473137585,"price":"71681.90","qty":"0.0021","quoteQty":"150.53","time":1775649915610,"isBuyerMaker":false,"isRPITrade":false},{"id":473137586,"price":"71681.90","qty":"0.3455","quoteQty":"24766.09","time":1775649915791,"isBuyerMaker":false,"isRPITrade":false},{"id":473137587,"price":"71681.90","qty":"0.0065","quoteQty":"465.93","time":1775649915979,"isBuyerMaker":false,"isRPITrade":false},{"id":473137588,"price":"71681.90","qty":"0.0019","quoteQty":"136.19","time":1775649916415,"isBuyerMaker":false,"isRPITrade":false},{"id":473137589,"price":"71681.90","qty":"0.0016","quoteQty":"114.69","time":1775649916415,"isBuyerMaker":false,"isRPITrade":false},{"id":473137590,"price":"71681.90","qty":"1.2745","quoteQty":"91358.58","time":1775649917147,"isBuyerMaker":false,"isRPITrade":false},{"id":473137591,"price":"71681.90","qty":"0.0022","quoteQty":"157.70","time":1775649918447,"isBuyerMaker":false,"isRPITrade":false},{"id":473137592,"price":"71681.90","qty":"0.0017","quoteQty":"121.85","time":1775649918615,"isBuyerMaker":false,"isRPITrade":false},{"id":473137593,"price":"71680.70","qty":"3.1835","quoteQty":"228195.50","time":1775649918703,"isBuyerMaker":true,"isRPITrade":false},{"id":473137594,"price":"71680.70","qty":"0.0016","quoteQty":"114.68","time":1775649919853,"isBuyerMaker":true,"isRPITrade":false},{"id":473137595,"price":"71681.90","qty":"0.0019","quoteQty":"136.19","time":1775649920431,"isBuyerMaker":false,"isRPITrade":false},{"id":473137596,"price":"71680.70","qty":"0.0020","quoteQty":"143.36","time":1775649920683,"isBuyerMaker":true,"isRPITrade":false},{"id":473137597,"price":"71680.70","qty":"0.0348","quoteQty":"2494.48","time":1775649921659,"isBuyerMaker":true,"isRPITrade":false},{"id":473137598,"price":"71681.90","qty":"0.0017","quoteQty":"121.85","time":1775649923534,"isBuyerMaker":false,"isRPITrade":false},{"id":473137599,"price":"71681.90","qty":"0.0022","quoteQty":"157.70","time":1775649923874,"isBuyerMaker":false,"isRPITrade":false},{"id":473137600,"price":"71680.70","qty":"0.0049","quoteQty":"351.23","time":1775649923987,"isBuyerMaker":true,"isRPITrade":false},{"id":473137601,"price":"71681.90","qty":"0.0015","quoteQty":"107.52","time":1775649924163,"isBuyerMaker":false,"isRPITrade":false},{"id":473137602,"price":"71680.70","qty":"0.0100","quoteQty":"716.80","time":1775649925743,"isBuyerMaker":true,"isRPITrade":false},{"id":473137603,"price":"71680.70","qty":"0.0020","quoteQty":"143.36","time":1775649925918,"isBuyerMaker":true,"isRPITrade":false},{"id":473137604,"price":"71680.70","qty":"0.0016","quoteQty":"114.68","time":1775649926027,"isBuyerMaker":true,"isRPITrade":false},{"id":473137605,"price":"71681.90","qty":"0.0014","quoteQty":"100.35","time":1775649926455,"isBuyerMaker":false,"isRPITrade":false},{"id":473137606,"price":"71681.90","qty":"0.9367","quoteQty":"67144.43","time":1775649927643,"isBuyerMaker":false,"isRPITrade":false},{"id":473137607,"price":"71681.90","qty":"0.0022","quoteQty":"157.70","time":1775649927999,"isBuyerMaker":false,"isRPITrade":false},{"id":473137608,"price":"71681.90","qty":"0.0016","quoteQty":"114.69","time":1775649928179,"isBuyerMaker":false,"isRPITrade":false},{"id":473137609,"price":"71681.90","qty":"0.0018","quoteQty":"129.02","time":1775649928331,"isBuyerMaker":false,"isRPITrade":false},{"id":473137610,"price":"71681.90","qty":"11.7818","quoteQty":"844541.80","time":1775649928731,"isBuyerMaker":false,"isRPITrade":false},{"id":473137611,"price":"71681.90","qty":"11.8988","quoteQty":"852928.59","time":1775649928803,"isBuyerMaker":false,"isRPITrade":false},{"id":473137612,"price":"71680.70","qty":"0.0099","quoteQty":"709.63","time":1775649928803,"isBuyerMaker":true,"isRPITrade":false},{"id":473137613,"price":"71681.90","qty":"11.8403","quoteQty":"848735.20","time":1775649928839,"isBuyerMaker":false,"isRPITrade":false},{"id":473137614,"price":"71681.90","qty":"7.7268","quoteQty":"553871.70","time":1775649928891,"isBuyerMaker":false,"isRPITrade":false},{"id":473137615,"price":"71681.90","qty":"4.0253","quoteQty":"288541.15","time":1775649928891,"isBuyerMaker":false,"isRPITrade":false},{"id":473137616,"price":"71681.90","qty":"11.9257","quoteQty":"854856.83","time":1775649928919,"isBuyerMaker":false,"isRPITrade":false},{"id":473137617,"price":"71681.90","qty":"11.8168","quoteQty":"847050.67","time":1775649928955,"isBuyerMaker":false,"isRPITrade":false},{"id":473137618,"price":"71681.90","qty":"11.8996","quoteQty":"852985.93","time":1775649929027,"isBuyerMaker":false,"isRPITrade":false},{"id":473137619,"price":"71681.90","qty":"11.8545","quoteQty":"849753.08","time":1775649929103,"isBuyerMaker":false,"isRPITrade":false},{"id":473137620,"price":"71681.90","qty":"11.1356","quoteQty":"798220.96","time":1775649929155,"isBuyerMaker":false,"isRPITrade":false},{"id":473137621,"price":"71681.90","qty":"0.7692","quoteQty":"55137.71","time":1775649929155,"isBuyerMaker":false,"isRPITrade":false},{"id":473137622,"price":"71681.90","qty":"11.8877","quoteQty":"852132.92","time":1775649929191,"isBuyerMaker":false,"isRPITrade":false},{"id":473137623,"price":"71681.90","qty":"0.0030","quoteQty":"215.04","time":1775649929503,"isBuyerMaker":false,"isRPITrade":false},{"id":473137624,"price":"71681.90","qty":"0.0030","quoteQty":"215.04","time":1775649929503,"isBuyerMaker":false,"isRPITrade":false},{"id":473137625,"price":"71681.90","qty":"0.0030","quoteQty":"215.04","time":1775649929539,"isBuyerMaker":false,"isRPITrade":false},{"id":473137626,"price":"71681.90","qty":"0.0030","quoteQty":"215.04","time":1775649929539,"isBuyerMaker":false,"isRPITrade":false},{"id":473137627,"price":"71681.90","qty":"0.0030","quoteQty":"215.04","time":1775649929539,"isBuyerMaker":false,"isRPITrade":false},{"id":473137628,"price":"71681.90","qty":"0.0030","quoteQty":"215.04","time":1775649929539,"isBuyerMaker":false,"isRPITrade":false},{"id":473137629,"price":"71681.90","qty":"0.0030","quoteQty":"215.04","time":1775649929539,"isBuyerMaker":false,"isRPITrade":false},{"id":473137630,"price":"71681.90","qty":"0.0030","quoteQty":"215.04","time":1775649929539,"isBuyerMaker":false,"isRPITrade":false},{"id":473137631,"price":"71681.90","qty":"0.0030","quoteQty":"215.04","time":1775649929539,"isBuyerMaker":false,"isRPITrade":false},{"id":473137632,"price":"71681.90","qty":"0.0030","quoteQty":"215.04","time":1775649929539,"isBuyerMaker":false,"isRPITrade":false},{"id":473137633,"price":"71681.90","qty":"0.0030","quoteQty":"215.04","time":1775649929539,"isBuyerMaker":false,"isRPITrade":false},{"id":473137634,"price":"71681.90","qty":"0.0030","quoteQty":"215.04","time":1775649929539,"isBuyerMaker":false,"isRPITrade":false},{"id":473137635,"price":"71681.90","qty":"0.0030","quoteQty":"215.04","time":1775649929539,"isBuyerMaker":false,"isRPITrade":false},{"id":473137636,"price":"71681.90","qty":"0.0030","quoteQty":"215.04","time":1775649929539,"isBuyerMaker":false,"isRPITrade":false},{"id":473137637,"price":"71681.90","qty":"0.0030","quoteQty":"215.04","time":1775649929539,"isBuyerMaker":false,"isRPITrade":false},{"id":473137638,"price":"71681.90","qty":"0.0030","quoteQty":"215.04","time":1775649929539,"isBuyerMaker":false,"isRPITrade":false},{"id":473137639,"price":"71681.90","qty":"0.0023","quoteQty":"164.86","time":1775649930135,"isBuyerMaker":false,"isRPITrade":false},{"id":473137640,"price":"71680.70","qty":"0.0020","quoteQty":"143.36","time":1775649930803,"isBuyerMaker":true,"isRPITrade":false},{"id":473137641,"price":"71681.90","qty":"0.0020","quoteQty":"143.36","time":1775649931555,"isBuyerMaker":false,"isRPITrade":false},{"id":473137642,"price":"71681.90","qty":"0.0019","quoteQty":"136.19","time":1775649931891,"isBuyerMaker":false,"isRPITrade":false},{"id":473137643,"price":"71681.70","qty":"0.0034","quoteQty":"243.71","time":1775649933323,"isBuyerMaker":true,"isRPITrade":false},{"id":473137644,"price":"71681.70","qty":"0.0007","quoteQty":"50.17","time":1775649933323,"isBuyerMaker":true,"isRPITrade":false},{"id":473137645,"price":"71680.70","qty":"0.0074","quoteQty":"530.43","time":1775649933869,"isBuyerMaker":true,"isRPITrade":false},{"id":473137646,"price":"71680.70","qty":"0.0041","quoteQty":"293.89","time":1775649934279,"isBuyerMaker":true,"isRPITrade":false},{"id":473137647,"price":"71681.80","qty":"0.0007","quoteQty":"50.17","time":1775649934359,"isBuyerMaker":false,"isRPITrade":false},{"id":473137648,"price":"71681.90","qty":"0.3401","quoteQty":"24379.01","time":1775649934359,"isBuyerMaker":false,"isRPITrade":false},{"id":473137649,"price":"71681.90","qty":"0.0014","quoteQty":"100.35","time":1775649934487,"isBuyerMaker":false,"isRPITrade":false},{"id":473137650,"price":"71681.90","qty":"0.0020","quoteQty":"143.36","time":1775649935231,"isBuyerMaker":false,"isRPITrade":false},{"id":473137651,"price":"71681.90","qty":"0.0020","quoteQty":"143.36","time":1775649936248,"isBuyerMaker":false,"isRPITrade":false},{"id":473137652,"price":"71680.70","qty":"0.0020","quoteQty":"143.36","time":1775649936867,"isBuyerMaker":true,"isRPITrade":false},{"id":473137653,"price":"71681.90","qty":"0.0077","quoteQty":"551.95","time":1775649937007,"isBuyerMaker":false,"isRPITrade":false},{"id":473137654,"price":"71681.90","qty":"0.0018","quoteQty":"129.02","time":1775649937043,"isBuyerMaker":false,"isRPITrade":false},{"id":473137655,"price":"71681.90","qty":"0.0018","quoteQty":"129.02","time":1775649937303,"isBuyerMaker":false,"isRPITrade":false},{"id":473137656,"price":"71681.90","qty":"0.0015","quoteQty":"107.52","time":1775649938311,"isBuyerMaker":false,"isRPITrade":false},{"id":473137657,"price":"71681.90","qty":"0.0022","quoteQty":"157.70","time":1775649938343,"isBuyerMaker":false,"isRPITrade":false},{"id":473137658,"price":"71681.90","qty":"0.0016","quoteQty":"114.69","time":1775649938551,"isBuyerMaker":false,"isRPITrade":false},{"id":473137659,"price":"71680.70","qty":"0.5000","quoteQty":"35840.35","time":1775649938831,"isBuyerMaker":true,"isRPITrade":false},{"id":473137660,"price":"71681.90","qty":"0.0100","quoteQty":"716.81","time":1775649939611,"isBuyerMaker":false,"isRPITrade":false},{"id":473137661,"price":"71680.70","qty":"0.6755","quoteQty":"48420.31","time":1775649940575,"isBuyerMaker":true,"isRPITrade":false},{"id":473137662,"price":"71681.90","qty":"11.8358","quoteQty":"848412.63","time":1775649940951,"isBuyerMaker":false,"isRPITrade":false},{"id":473137663,"price":"71681.90","qty":"11.9498","quoteQty":"856584.36","time":1775649940999,"isBuyerMaker":false,"isRPITrade":false},{"id":473137664,"price":"71681.90","qty":"11.8895","quoteQty":"852261.95","time":1775649941059,"isBuyerMaker":false,"isRPITrade":false},{"id":473137665,"price":"71681.90","qty":"11.8329","quoteQty":"848204.75","time":1775649941095,"isBuyerMaker":false,"isRPITrade":false},{"id":473137666,"price":"71681.90","qty":"2.0663","quoteQty":"148116.30","time":1775649941147,"isBuyerMaker":false,"isRPITrade":false},{"id":473137667,"price":"71681.90","qty":"9.8131","quoteQty":"703421.65","time":1775649941147,"isBuyerMaker":false,"isRPITrade":false},{"id":473137668,"price":"71681.90","qty":"11.9365","quoteQty":"855630.99","time":1775649941203,"isBuyerMaker":false,"isRPITrade":false},{"id":473137669,"price":"71681.90","qty":"11.8557","quoteQty":"849839.10","time":1775649941244,"isBuyerMaker":false,"isRPITrade":false},{"id":473137670,"price":"71681.90","qty":"11.9154","quoteQty":"854118.51","time":1775649941311,"isBuyerMaker":false,"isRPITrade":false},{"id":473137671,"price":"71681.90","qty":"11.9341","quoteQty":"855458.96","time":1775649941347,"isBuyerMaker":false,"isRPITrade":false},{"id":473137672,"price":"71681.90","qty":"0.0020","quoteQty":"143.36","time":1775649941399,"isBuyerMaker":false,"isRPITrade":false},{"id":473137673,"price":"71681.90","qty":"5.2007","quoteQty":"372796.05","time":1775649941431,"isBuyerMaker":false,"isRPITrade":false},{"id":473137674,"price":"71681.90","qty":"6.6219","quoteQty":"474670.37","time":1775649941431,"isBuyerMaker":false,"isRPITrade":false},{"id":473137675,"price":"71681.90","qty":"0.0019","quoteQty":"136.19","time":1775649941971,"isBuyerMaker":false,"isRPITrade":false},{"id":473137676,"price":"71681.90","qty":"0.0018","quoteQty":"129.02","time":1775649942079,"isBuyerMaker":false,"isRPITrade":false},{"id":473137677,"price":"71681.90","qty":"0.0021","quoteQty":"150.53","time":1775649942267,"isBuyerMaker":false,"isRPITrade":false},{"id":473137678,"price":"71681.90","qty":"0.0015","quoteQty":"107.52","time":1775649942451,"isBuyerMaker":false,"isRPITrade":false},{"id":473137679,"price":"71680.70","qty":"0.3580","quoteQty":"25661.69","time":1775649944954,"isBuyerMaker":true,"isRPITrade":false},{"id":473137680,"price":"71681.90","qty":"0.3699","quoteQty":"26515.13","time":1775649944954,"isBuyerMaker":false,"isRPITrade":false},{"id":473137681,"price":"71681.90","qty":"0.0016","quoteQty":"114.69","time":1775649945779,"isBuyerMaker":false,"isRPITrade":false},{"id":473137682,"price":"71681.90","qty":"0.0021","quoteQty":"150.53","time":1775649945851,"isBuyerMaker":false,"isRPITrade":false},{"id":473137683,"price":"71681.90","qty":"0.0018","quoteQty":"129.02","time":1775649946071,"isBuyerMaker":false,"isRPITrade":false},{"id":473137684,"price":"71681.90","qty":"0.0020","quoteQty":"143.36","time":1775649947007,"isBuyerMaker":false,"isRPITrade":false},{"id":473137685,"price":"71681.90","qty":"0.0020","quoteQty":"143.36","time":1775649947623,"isBuyerMaker":false,"isRPITrade":false},{"id":473137686,"price":"71681.90","qty":"0.0023","quoteQty":"164.86","time":1775649948827,"isBuyerMaker":false,"isRPITrade":false},{"id":473137687,"price":"71681.90","qty":"0.0023","quoteQty":"164.86","time":1775649949127,"isBuyerMaker":false,"isRPITrade":false},{"id":473137688,"price":"71681.80","qty":"0.0020","quoteQty":"143.36","time":1775649949531,"isBuyerMaker":true,"isRPITrade":false},{"id":473137689,"price":"71681.80","qty":"0.0020","quoteQty":"143.36","time":1775649949531,"isBuyerMaker":true,"isRPITrade":false},{"id":473137690,"price":"71681.80","qty":"0.0020","quoteQty":"143.36","time":1775649949531,"isBuyerMaker":true,"isRPITrade":false},{"id":473137691,"price":"71681.80","qty":"0.0020","quoteQty":"143.36","time":1775649949531,"isBuyerMaker":true,"isRPITrade":false},{"id":473137692,"price":"71681.80","qty":"0.0020","quoteQty":"143.36","time":1775649949531,"isBuyerMaker":true,"isRPITrade":false},{"id":473137693,"price":"71681.80","qty":"0.0020","quoteQty":"143.36","time":1775649949531,"isBuyerMaker":true,"isRPITrade":false},{"id":473137694,"price":"71681.80","qty":"0.0020","quoteQty":"143.36","time":1775649949531,"isBuyerMaker":true,"isRPITrade":false},{"id":473137695,"price":"71681.80","qty":"0.0020","quoteQty":"143.36","time":1775649949531,"isBuyerMaker":true,"isRPITrade":false},{"id":473137696,"price":"71681.80","qty":"0.0020","quoteQty":"143.36","time":1775649949531,"isBuyerMaker":true,"isRPITrade":false},{"id":473137697,"price":"71681.80","qty":"0.0020","quoteQty":"143.36","time":1775649949531,"isBuyerMaker":true,"isRPITrade":false},{"id":473137698,"price":"71681.80","qty":"0.0011","quoteQty":"78.84","time":1775649949531,"isBuyerMaker":true,"isRPITrade":false},{"id":473137699,"price":"71680.70","qty":"0.0009","quoteQty":"64.51","time":1775649949531,"isBuyerMaker":true,"isRPITrade":false},{"id":473137700,"price":"71680.70","qty":"0.0270","quoteQty":"1935.37","time":1775649950639,"isBuyerMaker":true,"isRPITrade":false},{"id":473137701,"price":"71681.90","qty":"0.0020","quoteQty":"143.36","time":1775649951219,"isBuyerMaker":false,"isRPITrade":false},{"id":473137702,"price":"71681.90","qty":"0.0020","quoteQty":"143.36","time":1775649952107,"isBuyerMaker":false,"isRPITrade":false},{"id":473137703,"price":"71681.90","qty":"0.0020","quoteQty":"143.36","time":1775649952439,"isBuyerMaker":false,"isRPITrade":false},{"id":473137704,"price":"71681.90","qty":"2.6814","quoteQty":"192207.84","time":1775649953323,"isBuyerMaker":false,"isRPITrade":false},{"id":473137705,"price":"71681.90","qty":"0.0017","quoteQty":"121.85","time":1775649954655,"isBuyerMaker":false,"isRPITrade":false},{"id":473137706,"price":"71680.80","qty":"0.0023","quoteQty":"164.86","time":1775649954907,"isBuyerMaker":false,"isRPITrade":false},{"id":473137707,"price":"71680.80","qty":"0.0014","quoteQty":"100.35","time":1775649955431,"isBuyerMaker":false,"isRPITrade":false},{"id":473137708,"price":"71680.80","qty":"0.0154","quoteQty":"1103.88","time":1775649955907,"isBuyerMaker":false,"isRPITrade":false},{"id":473137709,"price":"71681.90","qty":"12.0071","quoteQty":"860691.74","time":1775649955907,"isBuyerMaker":false,"isRPITrade":false},{"id":473137710,"price":"71681.90","qty":"12.1116","quoteQty":"868182.50","time":1775649955943,"isBuyerMaker":false,"isRPITrade":false},{"id":473137711,"price":"71681.90","qty":"11.9423","quoteQty":"856046.75","time":1775649956019,"isBuyerMaker":false,"isRPITrade":false},{"id":473137712,"price":"71681.90","qty":"11.8999","quoteQty":"853007.44","time":1775649956030,"isBuyerMaker":false,"isRPITrade":false},{"id":473137713,"price":"71681.90","qty":"4.9943","quoteQty":"358000.91","time":1775649956071,"isBuyerMaker":false,"isRPITrade":false},{"id":473137714,"price":"71681.90","qty":"6.9305","quoteQty":"496791.40","time":1775649956071,"isBuyerMaker":false,"isRPITrade":false},{"id":473137715,"price":"71681.90","qty":"12.0727","quoteQty":"865394.07","time":1775649956183,"isBuyerMaker":false,"isRPITrade":false},{"id":473137716,"price":"71681.90","qty":"11.9002","quoteQty":"853028.94","time":1775649956255,"isBuyerMaker":false,"isRPITrade":false},{"id":473137717,"price":"71681.90","qty":"12.0677","quoteQty":"865035.66","time":1775649956279,"isBuyerMaker":false,"isRPITrade":false},{"id":473137718,"price":"71681.90","qty":"12.1033","quoteQty":"867587.54","time":1775649956375,"isBuyerMaker":false,"isRPITrade":false},{"id":473137719,"price":"71681.90","qty":"7.5831","quoteQty":"543571.01","time":1775649956419,"isBuyerMaker":false,"isRPITrade":false},{"id":473137720,"price":"71681.90","qty":"0.0014","quoteQty":"100.35","time":1775649956419,"isBuyerMaker":false,"isRPITrade":false},{"id":473137721,"price":"71681.90","qty":"0.0014","quoteQty":"100.35","time":1775649956419,"isBuyerMaker":false,"isRPITrade":false},{"id":473137722,"price":"71681.90","qty":"0.0017","quoteQty":"121.85","time":1775649956419,"isBuyerMaker":false,"isRPITrade":false},{"id":473137723,"price":"71681.90","qty":"0.0016","quoteQty":"114.69","time":1775649956419,"isBuyerMaker":false,"isRPITrade":false},{"id":473137724,"price":"71681.90","qty":"0.0016","quoteQty":"114.69","time":1775649956419,"isBuyerMaker":false,"isRPITrade":false},{"id":473137725,"price":"71681.90","qty":"0.0016","quoteQty":"114.69","time":1775649956419,"isBuyerMaker":false,"isRPITrade":false},{"id":473137726,"price":"71681.90","qty":"0.0015","quoteQty":"107.52","time":1775649956419,"isBuyerMaker":false,"isRPITrade":false},{"id":473137727,"price":"71681.90","qty":"0.0023","quoteQty":"164.86","time":1775649956419,"isBuyerMaker":false,"isRPITrade":false},{"id":473137728,"price":"71681.90","qty":"0.0020","quoteQty":"143.36","time":1775649956419,"isBuyerMaker":false,"isRPITrade":false},{"id":473137729,"price":"71681.90","qty":"0.0017","quoteQty":"121.85","time":1775649956419,"isBuyerMaker":false,"isRPITrade":false},{"id":473137730,"price":"71681.90","qty":"0.0015","quoteQty":"107.52","time":1775649956419,"isBuyerMaker":false,"isRPITrade":false},{"id":473137731,"price":"71681.90","qty":"0.0015","quoteQty":"107.52","time":1775649956419,"isBuyerMaker":false,"isRPITrade":false},{"id":473137732,"price":"71681.90","qty":"4.3061","quoteQty":"308669.42","time":1775649956419,"isBuyerMaker":false,"isRPITrade":false},{"id":473137733,"price":"71681.80","qty":"0.0028","quoteQty":"200.70","time":1775649957247,"isBuyerMaker":true,"isRPITrade":false},{"id":473137734,"price":"71681.90","qty":"0.0020","quoteQty":"143.36","time":1775649957459,"isBuyerMaker":false,"isRPITrade":false},{"id":473137735,"price":"71681.90","qty":"2.0000","quoteQty":"143363.80","time":1775649958622,"isBuyerMaker":false,"isRPITrade":false},{"id":473137736,"price":"71681.90","qty":"0.0022","quoteQty":"157.70","time":1775649958669,"isBuyerMaker":false,"isRPITrade":false},{"id":473137737,"price":"71681.80","qty":"0.1931","quoteQty":"13841.75","time":1775649958910,"isBuyerMaker":true,"isRPITrade":false},{"id":473137738,"price":"71681.90","qty":"0.0022","quoteQty":"157.70","time":1775649958915,"isBuyerMaker":false,"isRPITrade":false},{"id":473137739,"price":"71681.90","qty":"0.0020","quoteQty":"143.36","time":1775649959463,"isBuyerMaker":false,"isRPITrade":false},{"id":473137740,"price":"71681.90","qty":"0.0019","quoteQty":"136.19","time":1775649959510,"isBuyerMaker":false,"isRPITrade":false},{"id":473137741,"price":"71681.90","qty":"0.0021","quoteQty":"150.53","time":1775649959559,"isBuyerMaker":false,"isRPITrade":false},{"id":473137742,"price":"71681.90","qty":"0.0200","quoteQty":"1433.63","time":1775649960446,"isBuyerMaker":false,"isRPITrade":false},{"id":473137743,"price":"71681.90","qty":"0.0019","quoteQty":"136.19","time":1775649961307,"isBuyerMaker":false,"isRPITrade":false},{"id":473137744,"price":"71681.90","qty":"0.0022","quoteQty":"157.70","time":1775649961987,"isBuyerMaker":false,"isRPITrade":false},{"id":473137745,"price":"71681.90","qty":"0.0020","quoteQty":"143.36","time":1775649962583,"isBuyerMaker":false,"isRPITrade":false},{"id":473137746,"price":"71681.90","qty":"0.0650","quoteQty":"4659.32","time":1775649962875,"isBuyerMaker":false,"isRPITrade":false},{"id":473137747,"price":"71681.90","qty":"0.0022","quoteQty":"157.70","time":1775649962939,"isBuyerMaker":false,"isRPITrade":false},{"id":473137748,"price":"71681.90","qty":"0.0022","quoteQty":"157.70","time":1775649963649,"isBuyerMaker":false,"isRPITrade":false},{"id":473137749,"price":"71681.90","qty":"0.0023","quoteQty":"164.86","time":1775649963755,"isBuyerMaker":false,"isRPITrade":false},{"id":473137750,"price":"71681.90","qty":"0.2490","quoteQty":"17848.79","time":1775649964758,"isBuyerMaker":false,"isRPITrade":false},{"id":473137751,"price":"71681.90","qty":"6.6653","quoteQty":"477781.36","time":1775649964758,"isBuyerMaker":false,"isRPITrade":false},{"id":473137752,"price":"71681.90","qty":"5.0470","quoteQty":"361778.54","time":1775649964758,"isBuyerMaker":false,"isRPITrade":false},{"id":473137753,"price":"71681.90","qty":"1.6183","quoteQty":"116002.81","time":1775649964787,"isBuyerMaker":false,"isRPITrade":false},{"id":473137754,"price":"71681.90","qty":"0.0017","quoteQty":"121.85","time":1775649964787,"isBuyerMaker":false,"isRPITrade":false},{"id":473137755,"price":"71681.90","qty":"0.0019","quoteQty":"136.19","time":1775649964787,"isBuyerMaker":false,"isRPITrade":false},{"id":473137756,"price":"71681.90","qty":"0.0023","quoteQty":"164.86","time":1775649964787,"isBuyerMaker":false,"isRPITrade":false},{"id":473137757,"price":"71681.90","qty":"0.0015","quoteQty":"107.52","time":1775649964787,"isBuyerMaker":false,"isRPITrade":false},{"id":473137758,"price":"71681.90","qty":"0.0014","quoteQty":"100.35","time":1775649964787,"isBuyerMaker":false,"isRPITrade":false},{"id":473137759,"price":"71681.90","qty":"0.0020","quoteQty":"143.36","time":1775649964787,"isBuyerMaker":false,"isRPITrade":false},{"id":473137760,"price":"71681.90","qty":"0.0014","quoteQty":"100.35","time":1775649964787,"isBuyerMaker":false,"isRPITrade":false},{"id":473137761,"price":"71681.90","qty":"0.0015","quoteQty":"107.52","time":1775649964787,"isBuyerMaker":false,"isRPITrade":false},{"id":473137762,"price":"71681.90","qty":"3.5450","quoteQty":"254112.33","time":1775649964787,"isBuyerMaker":false,"isRPITrade":false},{"id":473137763,"price":"71681.90","qty":"3.5450","quoteQty":"254112.33","time":1775649964787,"isBuyerMaker":false,"isRPITrade":false},{"id":473137764,"price":"71681.90","qty":"3.3105","quoteQty":"237302.92","time":1775649964787,"isBuyerMaker":false,"isRPITrade":false},{"id":473137765,"price":"71681.90","qty":"0.2345","quoteQty":"16809.40","time":1775649964827,"isBuyerMaker":false,"isRPITrade":false},{"id":473137766,"price":"71681.90","qty":"3.5450","quoteQty":"254112.33","time":1775649964827,"isBuyerMaker":false,"isRPITrade":false},{"id":473137767,"price":"71681.90","qty":"3.5450","quoteQty":"254112.33","time":1775649964827,"isBuyerMaker":false,"isRPITrade":false},{"id":473137768,"price":"71681.90","qty":"0.0014","quoteQty":"100.35","time":1775649964827,"isBuyerMaker":false,"isRPITrade":false},{"id":473137769,"price":"71681.90","qty":"0.0017","quoteQty":"121.85","time":1775649964827,"isBuyerMaker":false,"isRPITrade":false},{"id":473137770,"price":"71681.90","qty":"0.0019","quoteQty":"136.19","time":1775649964827,"isBuyerMaker":false,"isRPITrade":false},{"id":473137771,"price":"71681.90","qty":"0.0020","quoteQty":"143.36","time":1775649964827,"isBuyerMaker":false,"isRPITrade":false},{"id":473137772,"price":"71681.90","qty":"0.0021","quoteQty":"150.53","time":1775649964827,"isBuyerMaker":false,"isRPITrade":false},{"id":473137773,"price":"71681.90","qty":"0.0018","quoteQty":"129.02","time":1775649964827,"isBuyerMaker":false,"isRPITrade":false},{"id":473137774,"price":"71681.90","qty":"0.0022","quoteQty":"157.70","time":1775649964827,"isBuyerMaker":false,"isRPITrade":false},{"id":473137775,"price":"71681.90","qty":"0.0015","quoteQty":"107.52","time":1775649964827,"isBuyerMaker":false,"isRPITrade":false},{"id":473137776,"price":"71681.90","qty":"4.4889","quoteQty":"321772.88","time":1775649964827,"isBuyerMaker":false,"isRPITrade":false},{"id":473137777,"price":"71681.90","qty":"12.0429","quoteQty":"863257.95","time":1775649964859,"isBuyerMaker":false,"isRPITrade":false},{"id":473137778,"price":"71681.80","qty":"0.0439","quoteQty":"3146.83","time":1775649964859,"isBuyerMaker":true,"isRPITrade":false},{"id":473137779,"price":"71681.90","qty":"11.9192","quoteQty":"854390.90","time":1775649964891,"isBuyerMaker":false,"isRPITrade":false},{"id":473137780,"price":"71681.90","qty":"0.0016","quoteQty":"114.69","time":1775649964927,"isBuyerMaker":false,"isRPITrade":false},{"id":473137781,"price":"71681.90","qty":"12.0503","quoteQty":"863788.39","time":1775649964927,"isBuyerMaker":false,"isRPITrade":false},{"id":473137782,"price":"71681.90","qty":"11.9510","quoteQty":"856670.38","time":1775649964963,"isBuyerMaker":false,"isRPITrade":false},{"id":473137783,"price":"71681.90","qty":"11.9595","quoteQty":"857279.68","time":1775649964999,"isBuyerMaker":false,"isRPITrade":false},{"id":473137784,"price":"71681.90","qty":"5.3866","quoteQty":"386121.72","time":1775649965005,"isBuyerMaker":false,"isRPITrade":false},{"id":473137785,"price":"71681.90","qty":"6.5520","quoteQty":"469659.80","time":1775649965005,"isBuyerMaker":false,"isRPITrade":false},{"id":473137786,"price":"71681.90","qty":"11.8588","quoteQty":"850061.31","time":1775649965043,"isBuyerMaker":false,"isRPITrade":false},{"id":473137787,"price":"71681.90","qty":"0.0020","quoteQty":"143.36","time":1775649965383,"isBuyerMaker":false,"isRPITrade":false},{"id":473137788,"price":"71681.90","qty":"0.0015","quoteQty":"107.52","time":1775649966095,"isBuyerMaker":false,"isRPITrade":false},{"id":473137789,"price":"71681.90","qty":"0.0022","quoteQty":"157.70","time":1775649966471,"isBuyerMaker":false,"isRPITrade":false},{"id":473137790,"price":"71681.80","qty":"0.4577","quoteQty":"32808.75","time":1775649967515,"isBuyerMaker":true,"isRPITrade":false},{"id":473137791,"price":"71681.80","qty":"0.0191","quoteQty":"1369.12","time":1775649967515,"isBuyerMaker":true,"isRPITrade":false},{"id":473137792,"price":"71680.70","qty":"0.2564","quoteQty":"18378.93","time":1775649967515,"isBuyerMaker":true,"isRPITrade":false},{"id":473137793,"price":"71681.90","qty":"0.0065","quoteQty":"465.93","time":1775649969319,"isBuyerMaker":false,"isRPITrade":false},{"id":473137794,"price":"71680.70","qty":"2.0000","quoteQty":"143361.40","time":1775649969391,"isBuyerMaker":true,"isRPITrade":false},{"id":473137795,"price":"71680.70","qty":"0.0020","quoteQty":"143.36","time":1775649969475,"isBuyerMaker":true,"isRPITrade":false},{"id":473137796,"price":"71681.90","qty":"0.0021","quoteQty":"150.53","time":1775649969539,"isBuyerMaker":false,"isRPITrade":false},{"id":473137797,"price":"71681.90","qty":"0.0017","quoteQty":"121.85","time":1775649970442,"isBuyerMaker":false,"isRPITrade":false},{"id":473137798,"price":"71681.90","qty":"0.0019","quoteQty":"136.19","time":1775649971303,"isBuyerMaker":false,"isRPITrade":false},{"id":473137799,"price":"71681.90","qty":"0.0021","quoteQty":"150.53","time":1775649971434,"isBuyerMaker":false,"isRPITrade":false},{"id":473137800,"price":"71680.70","qty":"2.0000","quoteQty":"143361.40","time":1775649973243,"isBuyerMaker":true,"isRPITrade":false},{"id":473137801,"price":"71680.80","qty":"0.0016","quoteQty":"114.68","time":1775649974707,"isBuyerMaker":false,"isRPITrade":false},{"id":473137802,"price":"71680.80","qty":"0.0019","quoteQty":"136.19","time":1775649974899,"isBuyerMaker":false,"isRPITrade":false},{"id":473137803,"price":"71680.80","qty":"0.0018","quoteQty":"129.02","time":1775649975467,"isBuyerMaker":false,"isRPITrade":false},{"id":473137804,"price":"71680.80","qty":"0.0014","quoteQty":"100.35","time":1775649975771,"isBuyerMaker":false,"isRPITrade":false},{"id":473137805,"price":"71680.80","qty":"0.0016","quoteQty":"114.68","time":1775649975915,"isBuyerMaker":false,"isRPITrade":false},{"id":473137806,"price":"71680.80","qty":"0.0108","quoteQty":"774.15","time":1775649976379,"isBuyerMaker":false,"isRPITrade":false},{"id":473137807,"price":"71681.80","qty":"0.0127","quoteQty":"910.35","time":1775649976379,"isBuyerMaker":false,"isRPITrade":false},{"id":473137808,"price":"71680.70","qty":"0.0020","quoteQty":"143.36","time":1775649979443,"isBuyerMaker":true,"isRPITrade":false},{"id":473137809,"price":"71681.80","qty":"0.0018","quoteQty":"129.02","time":1775649980075,"isBuyerMaker":false,"isRPITrade":false},{"id":473137810,"price":"71681.80","qty":"0.0019","quoteQty":"136.19","time":1775649980295,"isBuyerMaker":false,"isRPITrade":false},{"id":473137811,"price":"71681.80","qty":"0.0016","quoteQty":"114.69","time":1775649980367,"isBuyerMaker":false,"isRPITrade":false},{"id":473137812,"price":"71681.80","qty":"0.0018","quoteQty":"129.02","time":1775649980543,"isBuyerMaker":false,"isRPITrade":false},{"id":473137813,"price":"71681.80","qty":"0.0019","quoteQty":"136.19","time":1775649981907,"isBuyerMaker":false,"isRPITrade":false},{"id":473137814,"price":"71681.80","qty":"6.8279","quoteQty":"489436.16","time":1775649983723,"isBuyerMaker":false,"isRPITrade":false},{"id":473137815,"price":"71681.90","qty":"5.5910","quoteQty":"400773.50","time":1775649983723,"isBuyerMaker":false,"isRPITrade":false},{"id":473137816,"price":"71681.90","qty":"0.0014","quoteQty":"100.35","time":1775649983759,"isBuyerMaker":false,"isRPITrade":false},{"id":473137817,"price":"71681.90","qty":"12.5411","quoteQty":"898969.87","time":1775649983795,"isBuyerMaker":false,"isRPITrade":false},{"id":473137818,"price":"71681.90","qty":"12.3389","quoteQty":"884475.79","time":1775649983891,"isBuyerMaker":false,"isRPITrade":false},{"id":473137819,"price":"71681.90","qty":"12.3473","quoteQty":"885077.92","time":1775649983963,"isBuyerMaker":false,"isRPITrade":false},{"id":473137820,"price":"71681.90","qty":"8.5495","quoteQty":"612844.40","time":1775649984027,"isBuyerMaker":false,"isRPITrade":false},{"id":473137821,"price":"71681.90","qty":"3.9434","quoteQty":"282670.40","time":1775649984027,"isBuyerMaker":false,"isRPITrade":false},{"id":473137822,"price":"71681.90","qty":"12.4082","quoteQty":"889443.35","time":1775649984091,"isBuyerMaker":false,"isRPITrade":false},{"id":473137823,"price":"71681.90","qty":"12.4485","quoteQty":"892332.13","time":1775649984119,"isBuyerMaker":false,"isRPITrade":false},{"id":473137824,"price":"71681.90","qty":"12.4811","quoteQty":"894668.96","time":1775649984151,"isBuyerMaker":false,"isRPITrade":false},{"id":473137825,"price":"71681.90","qty":"12.4878","quoteQty":"895149.23","time":1775649984223,"isBuyerMaker":false,"isRPITrade":false},{"id":473137826,"price":"71681.90","qty":"12.3635","quoteQty":"886239.17","time":1775649984302,"isBuyerMaker":false,"isRPITrade":false},{"id":473137827,"price":"71681.90","qty":"0.0015","quoteQty":"107.52","time":1775649985295,"isBuyerMaker":false,"isRPITrade":false},{"id":473137828,"price":"71681.90","qty":"0.0022","quoteQty":"157.70","time":1775649985491,"isBuyerMaker":false,"isRPITrade":false},{"id":473137829,"price":"71681.90","qty":"0.0016","quoteQty":"114.69","time":1775649985491,"isBuyerMaker":false,"isRPITrade":false},{"id":473137830,"price":"71681.90","qty":"0.0017","quoteQty":"121.85","time":1775649988007,"isBuyerMaker":false,"isRPITrade":false},{"id":473137831,"price":"71681.90","qty":"0.0023","quoteQty":"164.86","time":1775649988917,"isBuyerMaker":false,"isRPITrade":false},{"id":473137832,"price":"71680.70","qty":"0.0020","quoteQty":"143.36","time":1775649989487,"isBuyerMaker":true,"isRPITrade":false},{"id":473137833,"price":"71680.70","qty":"0.0020","quoteQty":"143.36","time":1775649989487,"isBuyerMaker":true,"isRPITrade":false},{"id":473137834,"price":"71680.70","qty":"0.0020","quoteQty":"143.36","time":1775649989487,"isBuyerMaker":true,"isRPITrade":false},{"id":473137835,"price":"71680.70","qty":"0.0020","quoteQty":"143.36","time":1775649989487,"isBuyerMaker":true,"isRPITrade":false},{"id":473137836,"price":"71680.70","qty":"0.0020","quoteQty":"143.36","time":1775649989487,"isBuyerMaker":true,"isRPITrade":false},{"id":473137837,"price":"71680.70","qty":"0.0020","quoteQty":"143.36","time":1775649989487,"isBuyerMaker":true,"isRPITrade":false},{"id":473137838,"price":"71680.70","qty":"0.0020","quoteQty":"143.36","time":1775649989487,"isBuyerMaker":true,"isRPITrade":false},{"id":473137839,"price":"71680.70","qty":"0.0020","quoteQty":"143.36","time":1775649989487,"isBuyerMaker":true,"isRPITrade":false},{"id":473137840,"price":"71680.70","qty":"0.0020","quoteQty":"143.36","time":1775649989487,"isBuyerMaker":true,"isRPITrade":false},{"id":473137841,"price":"71680.70","qty":"0.0020","quoteQty":"143.36","time":1775649989487,"isBuyerMaker":true,"isRPITrade":false},{"id":473137842,"price":"71680.70","qty":"0.0020","quoteQty":"143.36","time":1775649989487,"isBuyerMaker":true,"isRPITrade":false},{"id":473137843,"price":"71680.70","qty":"0.0020","quoteQty":"143.36","time":1775649989487,"isBuyerMaker":true,"isRPITrade":false},{"id":473137844,"price":"71680.70","qty":"0.0020","quoteQty":"143.36","time":1775649989487,"isBuyerMaker":true,"isRPITrade":false},{"id":473137845,"price":"71680.70","qty":"0.0020","quoteQty":"143.36","time":1775649989487,"isBuyerMaker":true,"isRPITrade":false},{"id":473137846,"price":"71680.70","qty":"0.0020","quoteQty":"143.36","time":1775649989487,"isBuyerMaker":true,"isRPITrade":false},{"id":473137847,"price":"71680.70","qty":"0.0020","quoteQty":"143.36","time":1775649989487,"isBuyerMaker":true,"isRPITrade":false},{"id":473137848,"price":"71680.70","qty":"0.0020","quoteQty":"143.36","time":1775649989487,"isBuyerMaker":true,"isRPITrade":false},{"id":473137849,"price":"71680.70","qty":"0.0020","quoteQty":"143.36","time":1775649989487,"isBuyerMaker":true,"isRPITrade":false},{"id":473137850,"price":"71680.70","qty":"0.0020","quoteQty":"143.36","time":1775649989487,"isBuyerMaker":true,"isRPITrade":false},{"id":473137851,"price":"71680.70","qty":"0.0020","quoteQty":"143.36","time":1775649989487,"isBuyerMaker":true,"isRPITrade":false},{"id":473137852,"price":"71680.70","qty":"0.0020","quoteQty":"143.36","time":1775649989487,"isBuyerMaker":true,"isRPITrade":false},{"id":473137853,"price":"71680.70","qty":"0.0020","quoteQty":"143.36","time":1775649989487,"isBuyerMaker":true,"isRPITrade":false},{"id":473137854,"price":"71680.70","qty":"0.0020","quoteQty":"143.36","time":1775649989487,"isBuyerMaker":true,"isRPITrade":false},{"id":473137855,"price":"71680.70","qty":"0.0020","quoteQty":"143.36","time":1775649989487,"isBuyerMaker":true,"isRPITrade":false},{"id":473137856,"price":"71680.70","qty":"0.0020","quoteQty":"143.36","time":1775649989515,"isBuyerMaker":true,"isRPITrade":false},{"id":473137857,"price":"71680.70","qty":"0.0020","quoteQty":"143.36","time":1775649989515,"isBuyerMaker":true,"isRPITrade":false},{"id":473137858,"price":"71680.70","qty":"0.0020","quoteQty":"143.36","time":1775649989515,"isBuyerMaker":true,"isRPITrade":false},{"id":473137859,"price":"71680.70","qty":"0.0020","quoteQty":"143.36","time":1775649989515,"isBuyerMaker":true,"isRPITrade":false},{"id":473137860,"price":"71680.70","qty":"0.0020","quoteQty":"143.36","time":1775649989515,"isBuyerMaker":true,"isRPITrade":false},{"id":473137861,"price":"71681.90","qty":"0.0022","quoteQty":"157.70","time":1775649989823,"isBuyerMaker":false,"isRPITrade":false},{"id":473137862,"price":"71680.70","qty":"0.7420","quoteQty":"53187.07","time":1775649990795,"isBuyerMaker":true,"isRPITrade":false},{"id":473137863,"price":"71681.90","qty":"0.0021","quoteQty":"150.53","time":1775649992861,"isBuyerMaker":false,"isRPITrade":false},{"id":473137864,"price":"71681.90","qty":"0.0016","quoteQty":"114.69","time":1775649993475,"isBuyerMaker":false,"isRPITrade":false},{"id":473137865,"price":"71681.90","qty":"0.0015","quoteQty":"107.52","time":1775649995819,"isBuyerMaker":false,"isRPITrade":false},{"id":473137866,"price":"71681.90","qty":"0.0021","quoteQty":"150.53","time":1775649995819,"isBuyerMaker":false,"isRPITrade":false}]
